@article{DBLP:journals/corr/abs-1001-5275,
  author    = {Khaled M. Khalil and
               M. Abdel{-}Aziz and
               Taymour T. Nazmy and
               Abdel{-}Badeeh M. Salem},
  title     = {An Agent-Based Modeling for Pandemic Influenza in Egypt},
  journal   = {CoRR},
  volume    = {abs/1001.5275},
  year      = {2010},
  url       = {http://arxiv.org/abs/1001.5275},
  archivePrefix = {arXiv},
  eprint    = {1001.5275},
  timestamp = {Mon, 13 Aug 2018 16:46:17 +0200},
  biburl    = {https://dblp.org/rec/bib/journals/corr/abs-1001-5275},
  bibsource = {dblp computer science bibliography, https://dblp.org}
}
@article {Kermack700,
	author = { WO Kermack and AG McKendrick },
	title = {A contribution to the mathematical theory of epidemics},
	volume = {115},
	number = {772},
	pages = {700--721},
	year = {1927},
	doi = {10.1098/rspa.1927.0118},
	publisher = {The Royal Society},
	issn = {0950-1207},
	URL = {http://rspa.royalsocietypublishing.org/content/115/772/700},
	eprint = {http://rspa.royalsocietypublishing.org/content/115/772/700.full.pdf},
	journal = {Proceedings of the Royal Society of London A: Mathematical, Physical and Engineering Sciences}
}

