@article {Kermack700,
	author = { and },
	title = {A contribution to the mathematical theory of epidemics},
	volume = {115},
	number = {772},
	pages = {700--721},
	year = {1927},
	doi = {10.1098/rspa.1927.0118},
	publisher = {The Royal Society},
	issn = {0950-1207},
	URL = {http://rspa.royalsocietypublishing.org/content/115/772/700},
	eprint = {http://rspa.royalsocietypublishing.org/content/115/772/700.full.pdf},
	journal = {Proceedings of the Royal Society of London A: Mathematical, Physical and Engineering Sciences}
}
